@article{opencv_library,
    author = {Bradski, G.},
    citeulike-article-id = {2236121},
    journal = {Dr. Dobb's Journal of Software Tools},
    keywords = {bibtex-import},
    posted-at = {2008-01-15 19:21:54},
    priority = {4},
    title = {{The OpenCV Library}},
    year = {2000}
}
@article{scikit-learn,
    title={Scikit-learn: Machine Learning in {P}ython},
    author={Pedregosa, F. and Varoquaux, G. and Gramfort, A. and Michel, V.
            and Thirion, B. and Grisel, O. and Blondel, M. and Prettenhofer, P.
            and Weiss, R. and Dubourg, V. and Vanderplas, J. and Passos, A. and
            Cournapeau, D. and Brucher, M. and Perrot, M. and Duchesnay, E.},
    journal={Journal of Machine Learning Research},
    volume={12},
    pages={2825--2830},
    year={2011}
}
@article{mahotas,
    title = {Mahotas: Open source software for scriptable computer vision},
    author = {Coelho, L.P},
    journal = {Journal of Open Research Software 1(1):e3},
    doi= {http://dx.doi.org/10.5334/jors.ac},
    year = {2013}
}
@article{img_moment,
    title={Visual pattern recognition by moment invariants},
    author={Ming-Kuei Hu},
    journal={IEEE Transactions on Information Theory},
    volume={8},
    publisher={Institute of Electrical and Electronics Engineers (IEEE)},
    pages={179--187},
    year={1962},
    doi= {10.1109/tit.1962.1057692},
}
@article{haralick,
    title={Textural Features for Image Classification},
    author={Haralick, Robert M.},
    journal={IEEE Transactions on Systems, Man, and Cybernetics},
    volume={SMC-3},
    publisher={Institute of Electrical and Electronics Engineers (IEEE)},
    pages={610--621},
    year={1973},
    doi= {https://dx.doi.org/10.1109/tsmc.1973.4309314},
}
@article{fisherDA,
    title={The Use of Multiple Measurements in Taxonomic Problems},
    author={Fisher, R. A.},
    journal={Annals of Eugenics},
    volume={7},
    pages={179-188},
    year={1936},
    doi= {10.1111/j.1469-1809.1936.tb02137.x},
}
@article{multiLDA,
    title={The utilization of multiple measurements in problems of biological classification},
    author={Rao, R. C.},
    journal={Journal of the Royal Statistical Society, Series B},
    volume={10},
    pages={159-203},
    year={1948}
}
@conference{random_forest,
    title={Random Decision Forests},
    author={Ho, Tin Kam},
    organization={Proceedings of the 3rd International Conference on Document Analysis and Recognition, Montreal, QC},
    pages={278â€“282.},
    year={1995}
}
@article{rf_bagging,
    title={Bagging predictors},
    author={Breiman, Leo},
    journal={Machine Learning},
    volume={24},
    pages={123-140},
    year={1996}
}
@online{svm_pic,
    title={SVM margin},
    author={Wikipedia},
    journal={Support-vector machine},
    url ={https://en.wikipedia.org/wiki/Support-vector_machine#/media/File:SVM_margin.png},
    year={2020}
}
@incollection{pytorch,
    title = {PyTorch: An Imperative Style, High-Performance Deep Learning Library},
    author = {Paszke, Adam and Gross, Sam and Massa, Francisco and Lerer, Adam and Bradbury, James and Chanan, Gregory and Killeen, Trevor and Lin, Zeming and Gimelshein, Natalia and Antiga, Luca and Desmaison, Alban and Kopf, Andreas and Yang, Edward and DeVito, Zachary and Raison, Martin and Tejani, Alykhan and Chilamkurthy, Sasank and Steiner, Benoit and Fang, Lu and Bai, Junjie and Chintala, Soumith},
    booktitle = {Advances in Neural Information Processing Systems 32},
    pages = {8024--8035},
    year = {2019},
    publisher = {Curran Associates, Inc.},
    url = {http://papers.neurips.cc/paper/9015-pytorch-an-imperative-style-high-performance-deep-learning-library.pdf}
}
@article{nn_init,
    title={A Logical Calculus of Ideas Immanent in Nervous Activity},
    author={McCulloch, Warren; Walter Pitts},
    journal={Bulletin of Mathematical Biophysics},
    volume={5},
    pages={115-133},
    year={1943}
}
@inproceedings{resnet,
    author = {Xie, Saining and Girshick, Ross and Dollar, Piotr and Tu, Z. and He, Kaiming},
    year = {2017},
    month = {07},
    pages = {5987-5995},
    title = {Aggregated Residual Transformations for Deep Neural Networks},
    doi = {10.1109/CVPR.2017.634}
}
@inproceedings{imgnet,
    AUTHOR = {Deng, J. and Dong, W. and Socher, R. and Li, L.-J. and Li, K. and Fei-Fei, L.},
    TITLE = {{ImageNet: A Large-Scale Hierarchical Image Database}},
    BOOKTITLE = {CVPR09},
    YEAR = {2009},
    BIBSOURCE = "http://www.image-net.org/papers/imagenet_cvpr09.bib"
}
